@misc{akimoto_theoretical_2012,
	title = {Theoretical foundation for {CMA}-{ES} from information geometric perspective},
	url = {http://arxiv.org/abs/1206.0730},
	doi = {10.48550/arXiv.1206.0730},
	urldate = {2024-03-05},
	publisher = {arXiv},
	author = {Akimoto, Youhei and Nagata, Yuichi and Ono, Isao and Kobayashi, Shigenobu},
	month = jun,
	year = {2012},
}

@misc{minka_inferring_nodate,
	title = {Inferring a {Gaussian} distribution},
	url = {https://tminka.github.io/papers/gaussian.html},
	urldate = {2024-05-01},
	author = {Minka, Thomas P.},
	note = {MIT media Lab note},
	year = {1998},
}

@book{brown_introduction_1983,
	title = {Introduction to {Random} {Signal} {Analysis} and {Kalman} {Filtering}},
	isbn = {978-0-471-08732-8},
	publisher = {Wiley},
	author = {Brown, Robert Grover},
	year = {1983},
}

@misc{scipy_mvn,
  howpublished = {Scipy reference \href{https://docs.scipy.org/doc/scipy/reference/generated/scipy.stats.multivariate_normal.html}{\texttt{scipy.stats.multivariate{\_}normal}}},
}

@inproceedings{stein_compositional_2021,
	title = {Compositional {Semantics} for {Probabilistic} {Programs} with {Exact} {Conditioning}},
	url = {https://ieeexplore.ieee.org/document/9470552},
	doi = {10.1109/LICS52264.2021.9470552},
	urldate = {2024-02-16},
	booktitle = {2021 36th {Annual} {ACM}/{IEEE} {Symposium} on {Logic} in {Computer} {Science} ({LICS})},
	author = {Stein, Dario and Staton, Sam},
	month = jun,
	year = {2021},
	pages = {1--13},
}

